:940:
:20:940S130314
:25:NL40RABO0399939999 EUR
:28C:0
:60F:C130313EUR000000000106,81
:61:130314C000000000105,00N127NONREF
0371801850
:86:/ORDP//NAME/M.H. Raboooo eo/REMI/Om schrijv INgggg
 + 6 bbking/ISDT/2013-03-14
:61:130314C000000000115,00N122NONREF
P006777999
:86:/ORDP//NAME/Hr F X Yzab/ADDR/Schoolstraat 1 Xant/REMI/NK K
 MEER TEKST TRANSACTIEDATUM* 14-03-2013/ISDT/2013-03
-14
:62F:C130314EUR000000000326,81

:20:940A110616
:25:1291.99.348EUR
:28:00000/00
:60F:C110615EUR0000000001000,89
:62F:C110616EUR0000000001000,89

:20:940A110617
:25:1291.99.348EUR
:28:00000/00
:60F:C110616EUR0000000001295,82
:61:110617D000000000044,95N0600733959555      T-MOBILE NETHERLANDS BV
:86:BETALINGSKENM.  123456789
:86:FACTUURNUMMER 987654321
:61:110721D000000000236,56N030NONREF          TOMTE TUMMETOT AMERSFOORT
:86:Betaalautomaat 14:23 pasnr. 065
:62F:C110617EUR0000000001250,87
